@ARTICLE{currie,
   author = {{Currie}, T. and {Thalmann}, C. and {Matsumura}, S. and {Madhusudhan}, N. and 
	{Burrows}, A. and {Kuchner}, M.},
    title = "{A 5 {$\mu$}m Image of {$\beta$} Pictoris b at a Sub-Jupiter Projected Separation: Evidence for a Misalignment Between the Planet and the Inner, Warped Disk}",
  journal = {\apjl},
archivePrefix = "arXiv",
   eprint = {1105.4607},
 primaryClass = "astro-ph.EP",
 keywords = {planetary systems, stars: early-type, stars: individual: {$\beta$} Pictoris},
     year = 2011,
    month = aug,
   volume = 736,
    pages = {L33+},
      doi = {10.1088/2041-8205/736/2/L33},
   adsurl = {http://adsabs.harvard.edu/abs/2011ApJ...736L..33C},
  adsnote = {Provided by the SAO/NASA Astrophysics Data System}
}

@book{bevington,
  title={Data reduction and error analysis for the physical sciences},
  author={Bevington, P.R. and Robinson, D.K.},
  isbn={9780072472271},
  lccn={2002070896},
  series={McGraw-Hill Higher Education},
  url={http://books.google.com/books?id=0poQAQAAIAAJ},
  year={2003},
  publisher={McGraw-Hill}
}

@MISC{MHconvergence,
    author = {Roberts Gelman And and G. O. Roberts and A. Gelman and W. R. Gilks},
    title = {Weak Convergence And Optimal Scaling Of Random Walk Metropolis Algorithms},
    year = {1994}
}

@ARTICLE{dupuy2009,
   author = {{Dupuy}, T.~J. and {Liu}, M.~C. and {Ireland}, M.~J.},
    title = "{Dynamical Mass of the Substellar Benchmark Binary HD 130948BC}",
  journal = {\apj},
archivePrefix = "arXiv",
   eprint = {0807.2450},
 keywords = {binaries: close, binaries: general, infrared: stars, stars: low-mass, brown dwarfs, techniques: high angular resolution},
     year = 2009,
    month = feb,
   volume = 692,
    pages = {729-752},
      doi = {10.1088/0004-637X/692/1/729},
   adsurl = {http://adsabs.harvard.edu/abs/2009ApJ...692..729D},
  adsnote = {Provided by the SAO/NASA Astrophysics Data System}
}

@book{gosh,
  title={An Introduction to Bayesian Analysis},
  author={Gosh, Jayanta K., Delampady, Mohan., Samanta, Tapas.},
  isbn={978-0-387-40084-6},
  series={Springer Texts in Statistics},
  url={http://http://www.springer.com/statistics/statistical+theory+and+methods/book/978-0-387-40084-6?cm_mmc=Google-_-Book%20Search-_-Springer-_-0},
  year={2006},
  publisher={Springer}
}

@book{liu,
    title = {{Monte Carlo Strategies in Scientific Computing}},
    author = {Liu, Jun S.},
    edition = {Corrected},
    howpublished = {Hardcover},
    isbn = {0387952306},
    keywords = {mcmc, particle},
    month = jan,
    posted-at = {2008-06-22 21:39:37},
    priority = {3},
    publisher = {Springer},
    url = {http://www.worldcat.org/isbn/0387952306},
    year = {2008}
}

@ARTICLE{rice,
    author = {Rice, D. Spiegelhalter, Kenneth},
    title  = "{Bayesian statistics}",
    year  = {2009},
    journal = {Scholarpedia},
    volume  = 4,
    number  = 3,
    pages   = 5230
}

@book{lupton,
  title="{Statistics in theory and practice}",
  author={Lupton, R.},
  isbn={9780691074290},
  lccn={lc92036396},
  url={http://books.google.co.jp/books?id=d6O2d7dLJEoC},
  year={1993},
  publisher={Princeton University Press}
}

@ARTICLE{britannica-bayes,
    author = {Encyclop√¶dia Britannica},
    title  = "{Bayes' Theorem}",
    year  = {2012},
    journal = {Encyclopaedia Britannica Online Academic Edition},
    url={http://www.britannica.com/EBchecked/topic/56808/Bayess-theorem},
}

@ARTICLE{wolfram-SimAnneal,
    author = {Carr, Roger},
    title  = "{Simulated Annealing}",
    year  = {2000},
    journal = {From MathWorld--A Worlfram Web Resource, created by Eric W. Weisstein.},
    url={http://mathworld.wolfram.com/SimulatedAnnealing.html},
}

@article{tegmark,
  author = {Tegmark, Max and Strauss, Michael A. and Blanton, Michael R. and Abazajian, Kevork and Dodelson, Scott and Sandvik, Havard and Wang, Xiaomin and Weinberg, David H. and Zehavi, Idit and Bahcall, Neta A. and Hoyle, Fiona and Schlegel, David and Scoccimarro, Roman and Vogeley, Michael S. and Berlind, Andreas and Budavari, Tam\'as and Connolly, Andrew and Eisenstein, Daniel J. and Finkbeiner, Douglas and Frieman, Joshua A. and Gunn, James E. and Hui, Lam and Jain, Bhuvnesh and Johnston, David and Kent, Stephen and Lin, Huan and Nakajima, Reiko and Nichol, Robert C. and Ostriker, Jeremiah P. and Pope, Adrian and Scranton, Ryan and Seljak, Uro\ifmmode \check{s}\else \v{s}\fi{} and Sheth, Ravi K. and Stebbins, Albert and Szalay, Alexander S. and Szapudi, Istv\'an and Xu, Yongzhong and Annis, James and Brinkmann, J. and Burles, Scott and Castander, Francisco J. and Csabai, Istvan and Loveday, Jon and Doi, Mamoru and Fukugita, Masataka and Gillespie, Bruce and Hennessy, Greg and Hogg, David W. and Ivezi\ifmmode \acute{c}\else \'{c}\fi{}, \ifmmode \check{Z}\else \v{Z}\fi{}eljko and Knapp, Gillian R. and Lamb, Don Q. and Lee, Brian C. and Lupton, Robert H. and McKay, Timothy A. and Kunszt, Peter and Munn, Jeffrey A. and O'Connell, Liam and Peoples, John and Pier, Jeffrey R. and Richmond, Michael and Rockosi, Constance and Schneider, Donald P. and Stoughton, Christopher and Tucker, Douglas L. and Vanden Berk, Daniel E. and Yanny, Brian and York, Donald G.},
  volume = {69},
  journal = {Phys. Rev. D},
  month = {May},
  numpages = {26},
  title = {Cosmological parameters from SDSS and WMAP},
  year = {2004},
  url = {http://link.aps.org/doi/10.1103/PhysRevD.69.103501},
  doi = {10.1103/PhysRevD.69.103501},
  issue = {10},
  publisher = {American Physical Society},
  pages = {103501}
}

@ARTICLE{metropolis,
   author = {{Metropolis}, N. and {Rosenbluth}, A.~W. and {Rosenbluth}, M.~N. and 
	{Teller}, A.~H. and {Teller}, E.},
    title = {Equation of State Calculations by Fast Computing Machines},
  journal = {\jcp},
     year = 1953,
    month = jun,
   volume = 21,
    pages = {1087-1092},
      doi = {10.1063/1.1699114},
   adsurl = {http://adsabs.harvard.edu/abs/1953JChPh..21.1087M},
  adsnote = {Provided by the SAO/NASA Astrophysics Data System}
}

@ARTICLE{hastings,
   author = {{Hastings}, W.K.},
    title = {Monte Carlo sampling methods using Markov chains and their applications},
  journal = {Biometrika},
     year = 1970,
    month = April,
   volume = 57,
    pages = {97-109},
}


@article{Kirkpatrick,
author = {Kirkpatrick, S. and Gelatt, C. D. and Vecchi, M. P.}, 
title = "{Optimization by Simulated Annealing}", 
volume = {220}, 
number = {4598}, 
pages = {671-680}, 
year = {1983}, 
doi = {10.1126/science.220.4598.671}, 
abstract ={There is a deep and useful connection between statistical mechanics (the behavior of systems with many degrees of freedom in thermal equilibrium at a finite temperature) and multivariate or combinatorial optimization (finding the minimum of a given function depending on many parameters). A detailed analogy with annealing in solids provides a framework for optimization of the properties of very large and complex systems. This connection to statistical mechanics exposes new information and provides an unfamiliar perspective on traditional optimization problems and methods.}, 
URL = {http://www.sciencemag.org/content/220/4598/671.abstract}, 
eprint = {http://www.sciencemag.org/content/220/4598/671.full.pdf}, 
journal = {Science} 
}

@ARTICLE{Holley,
   author = {{Holley}, RA},
    title = {Asymptotics of the spectral gap with applications to the theory of simulated annealing},
  journal = {Journal of functional analysis},
     year = 1989,
   volume = 83,
    issue = 2,
     ISSN = 0022-1236,
    pages = {333},
}

@ARTICLE{fraz,
   author = {{Franz}, A. and {Hoffmann}, K.H.},
    title = {Threshold Accepting as Limit Case for a Modified Tsallis Statistics},
  journal = {Applied Mathematics Letters},
     year = 2003,
   volume = 16,
    pages = {27-31},
}

@ARTICLE{Gelman,
   author = {{Gelman}, A. and {Roberts}, G.O. and {Gilks}, W.R.},
    title = {Efficient Metropolis Jumping Rules},
  journal = {Bayesian Statistics},
     year = 1996,
   volume = 5,
    pages = {599-607},
}

@techreport{Muller,
   author = {{Muller}, P.},
    title = {A Generic Approach to Posterior Integration and Gibbs Sampling},
  journal = {Technical Report},
     year = 1991,
   number = {91-09},
}

@book{aitken,
  title={The Binary Stars},
  author={Aitken, Robert G.},
  series={McGraw-Hill Book company},
  url={http://http://www.archive.org/stream/binarystars00aitk#page/n7/mode/2up},
  year={1935},
  publisher={McGraw-Hill}
}

@ARTICLE{Shulze-Hartung,
   author = {{Schulze-Hartung}, T. and {Launhardt}, R. and {Henning}, T.},
    title = "{Bayesian analysis of exoplanet and binary orbits}",
  journal = {ArXiv e-prints},
archivePrefix = "arXiv",
   eprint = {1207.6276},
 primaryClass = "astro-ph.IM",
 keywords = {Astrophysics - Instrumentation and Methods for Astrophysics, Astrophysics - Earth and Planetary Astrophysics, J.2},
     year = 2012,
    month = jul,
   adsurl = {http://adsabs.harvard.edu/abs/2012arXiv1207.6276S},
  adsnote = {Provided by the SAO/NASA Astrophysics Data System}
}

@ARTICLE{Paddock,
   author = {{Paddock}, G.~F.},
    title = "{The Derivation of the Radial Velocity Equation}",
  journal = {\pasp},
     year = 1913,
    month = aug,
   volume = 25,
    pages = {208},
      doi = {10.1086/122237},
   adsurl = {http://adsabs.harvard.edu/abs/1913PASP...25..208P},
  adsnote = {Provided by the SAO/NASA Astrophysics Data System}
}

@book{Argyle,
  title={Observing and Measuring Visual Double Stars},
  author={Argyle, B.},
  number={v. 1},
  isbn={9781852335588},
  lccn={2003061881},
  series={Patrick Moore's Practical Astronomy Series},
  url={http://books.google.co.jp/books?id=6GbE8SzRkV4C},
  year={2004},
  publisher={Springer}
}

@ARTICLE{Thiele,
   author = {{Thiele}, T.N.},
  title = "{Neue Methode zur Berechung von Doppelsternbahnen}",
  journal = {Astronomische Nachrichten},
     year = 1883,
   volume = 104,
    issue = 15-16
    pages = {225-256},
}

@ARTICLE{Van,
   author = {{Van den Bos}, W.~H.},
    title = "{Orbital Elements of Binary Stars}",
  journal = {Circular of the Union Observatory Johannesburg},
     year = 1932,
    month = jan,
   volume = 86,
    pages = {261-270},
   adsurl = {http://adsabs.harvard.edu/abs/1932CiUO...86..261V},
  adsnote = {Provided by the SAO/NASA Astrophysics Data System}
}


@book{binnendijk,
  title={Properties of Double Stars},
  author={Binnendijk, L.},
  isbn={9780812272376},
  lccn={58008011},
  url={http://books.google.co.jp/books?id=vIWDPAAACAAJ},
  year={1960},
  publisher={University of Pennsylvania Press}
}

@book{heintz,
  title={Double stars},
  author={Heintz, W.D.},
  isbn={9789027708861},
  lccn={78009284},
  series={Geophysics and astrophysics monographs},
  url={http://books.google.co.jp/books?id=p\_8oAQAAMAAJ},
  year={1978},
  publisher={D. Reidel Pub., Co.}
}

@ARTICLE{gregory2005,
   author = {{Gregory}, P.~C.},
    title = "{A Bayesian Analysis of Extrasolar Planet Data for HD 73526}",
  journal = {\apj},
 keywords = {Methods: Data Analysis, Stars: Planetary Systems, Stars: Individual: Henry Draper Number: HD 73526},
     year = 2005,
    month = oct,
   volume = 631,
    pages = {1198-1214},
      doi = {10.1086/432594},
   adsurl = {http://adsabs.harvard.edu/abs/2005ApJ...631.1198G},
  adsnote = {Provided by the SAO/NASA Astrophysics Data System}
}


@ARTICLE{duquennoy1991,
   author = {{Duquennoy}, A. and {Mayor}, M.},
    title = "{Multiplicity among solar-type stars in the solar neighbourhood. II - Distribution of the orbital elements in an unbiased sample}",
  journal = {\aap},
 keywords = {BINARY STARS, DWARF STARS, G STARS, SOLAR NEIGHBORHOOD, STELLAR ORBITS, BROWN DWARF STARS, ORBITAL ELEMENTS, PECULIAR STARS, RADIAL VELOCITY, STELLAR EVOLUTION, VARIABLE STARS},
     year = 1991,
    month = aug,
   volume = 248,
    pages = {485-524},
   adsurl = {http://adsabs.harvard.edu/abs/1991A%26A...248..485D},
  adsnote = {Provided by the SAO/NASA Astrophysics Data System}
}

@book{batten,
  title={Binary and multiple systems of stars},
  author={Batten, A.H.},
  isbn={9780080169866},
  lccn={lc72088026},
  series={International series of monographs in natural philosophy},
  url={http://books.google.co.jp/books?id=oInvAAAAMAAJ},
  year={1973},
  publisher={Pergamon Press}
}

@book{hilditch,
  title={An Introduction to Close Binary Stars},
  author={Hilditch, R.W.},
  isbn={9780521798006},
  lccn={00041410},
  series={Cambridge astrophysics series},
  url={http://books.google.co.jp/books?id=hJSADIxyheoC},
  year={2001},
  publisher={Cambridge University Press}
}

@book{newton,
  title={Opticks: or, A treatise of the reflections, refractions, inflections, and colours of light},
  author={Newton, I.},
  lccn={04030899},
  url={http://books.google.co.jp/books?id=TwhbAAAAQAAJ},
  year={1718},
  publisher={Printed for W. and J. Innys}
}

@misc{ESOrv,
author = {ESO},
title = "{The Radial Velocity Method diagram}",
month = April,
year = {2007},
howpublished = {\url{http://www.eso.org/public/images/eso0722e/}}
}

@misc{prism,
author = {Mr.SciGuy},
title = "{Prism Dispersion diagram}",
year = {1994},
howpublished = {\url{http://www.mrsciguy.com/Physics/Waves.html}}
}

@misc{EMspectrum,
author = {Chang, Hsiang-Kuang},
title = "{EM Spectrum diagram}",
year = {2011},
howpublished = {\url{\\http://crab0.astr.nthu.edu.tw/~hchang/ga1/ch05-01.htm}}
}

@misc{Sun,
author = {NASA, STEREO science team},
title = "{NASA STEREO image of the sun}",
year = {2012},
howpublished = {\url{\\http://earthobservatory.nasa.gov/IOTD/view.php?id=79724}}
}

@ARTICLE{babcock,
   author = {{Babcock}, H.~W.},
    title = "{The Possibility of Compensating Astronomical Seeing}",
  journal = {\pasp},
     year = 1953,
    month = oct,
   volume = 65,
    pages = {229},
      doi = {10.1086/126606},
   adsurl = {http://adsabs.harvard.edu/abs/1953PASP...65..229B},
  adsnote = {Provided by the SAO/NASA Astrophysics Data System}
}

@book{haghighipour,
  title={Planets in binary star systems},
  author={Haghighipour, N.},
  isbn={9789048186877},
  lccn={2010927320},
  series={Astrophysics and space science library},
  url={http://books.google.co.jp/books?id=kyf7vgv6FSYC},
  year={2010},
  publisher={Springer Netherlands}
}

@ARTICLE{hatzes,
   author = {{Hatzes}, A.~P. and {Cochran}, W.~D. and {Endl}, M. and {McArthur}, B. and 
	{Paulson}, D.~B. and {Walker}, G.~A.~H. and {Campbell}, B. and 
	{Yang}, S.},
    title = "{A Planetary Companion to {$\gamma$} Cephei A}",
  journal = {\apj},
   eprint = {arXiv:astro-ph/0305110},
 keywords = {Stars: Planetary Systems, Stars: Individual: Constellation Name: {$\gamma$} Cephei A, Techniques: Radial Velocities},
     year = 2003,
    month = dec,
   volume = 599,
    pages = {1383-1394},
      doi = {10.1086/379281},
   adsurl = {http://adsabs.harvard.edu/abs/2003ApJ...599.1383H},
  adsnote = {Provided by the SAO/NASA Astrophysics Data System}
}

@ARTICLE{rasio1996,
   author = {{Rasio}, F.~A. and {Ford}, E.~B.},
    title = "{Dynamical instabilities and the formation of extrasolar planetary systems}",
  journal = {Science},
 keywords = {AEROSPACE SCIENCES, COMPUTERIZED SIMULATION, PLANETARY SYSTEMS, PLANETS, SOLAR SYSTEM, GRAVITATION, ORBITS, STABILITY, UNITS OF MEASUREMENT},
     year = 1996,
    month = nov,
   volume = 274,
    pages = {954-956},
      doi = {10.1126/science.274.5289.954},
   adsurl = {http://adsabs.harvard.edu/abs/1996Sci...274..954R},
  adsnote = {Provided by the SAO/NASA Astrophysics Data System}
}

@ARTICLE{popovic1996,
   author = {{Popovi{\'c}}, G.~M. and {Pavlovi{\'c}}, R.},
    title = "{Orbital elements for 8 double stars.}",
  journal = {Bulletin Astronomique de Belgrade},
 keywords = {Visual Binaries: Orbital Elements},
     year = 1996,
    month = jul,
   volume = 153,
    pages = {57-78},
   adsurl = {http://adsabs.harvard.edu/abs/1996BABel.153...57P},
  adsnote = {Provided by the SAO/NASA Astrophysics Data System}
}

@ARTICLE{hale1994,
   author = {{Hale}, A.},
    title = "{Orbital coplanarity in solar-type binary systems: Implications for planetary system formation and detection}",
  journal = {\aj},
 keywords = {BINARY STARS, COPLANARITY, PLANETARY EVOLUTION, PLANETARY ORBITS, PLANETARY SYSTEMS, EQUATORS, LINE SPECTRA, ORBITAL VELOCITY, PLANETARY ROTATION, STAR FORMATION, PLANETS, EXTRASOLAR PLANETS, PLANETARY SYSTEMS, BINARY SYSTEMS, ORIGIN, ORBIT, INCLINATION, PARAMETERS, THEORETICAL STUDIES, STABILITY, PERIOD, CALCULATIONS, ROTATION, DISTANCE},
     year = 1994,
    month = jan,
   volume = 107,
    pages = {306-332},
      doi = {10.1086/116855},
   adsurl = {http://adsabs.harvard.edu/abs/1994AJ....107..306H},
  adsnote = {Provided by the SAO/NASA Astrophysics Data System}
}

@ARTICLE{roberts2011,
   author = {{Roberts}, Jr., L.~C. and {Turner}, N.~H. and {ten Brummelaar}, T.~A. and 
	{Mason}, B.~D. and {Hartkopf}, W.~I.},
    title = "{Know the Star, Know the Planet. I. Adaptive Optics of Exoplanet Host Stars}",
  journal = {\aj},
archivePrefix = "arXiv",
   eprint = {1109.4320},
 primaryClass = "astro-ph.SR",
 keywords = {astrometry, binaries: close, binaries: visual, instrumentation: adaptive optics, planetary systems, techniques: photometric},
     year = 2011,
    month = nov,
   volume = 142,
      eid = {175},
    pages = {175},
      doi = {10.1088/0004-6256/142/5/175},
   adsurl = {http://adsabs.harvard.edu/abs/2011AJ....142..175R},
  adsnote = {Provided by the SAO/NASA Astrophysics Data System}
}

@ARTICLE{husnoo2012,
   author = {{Husnoo}, N. and {Pont}, F. and {Mazeh}, T. and {Fabrycky}, D. and 
	{H{\'e}brard}, G. and {Bouchy}, F. and {Shporer}, A.},
    title = "{Observational constraints on tidal effects using orbital eccentricities}",
  journal = {\mnras},
archivePrefix = "arXiv",
   eprint = {1202.6379},
 primaryClass = "astro-ph.EP",
 keywords = {planetary systems},
     year = 2012,
    month = jun,
   volume = 422,
    pages = {3151-3177},
      doi = {10.1111/j.1365-2966.2012.20839.x},
   adsurl = {http://adsabs.harvard.edu/abs/2012MNRAS.422.3151H},
  adsnote = {Provided by the SAO/NASA Astrophysics Data System}
}

@ARTICLE{dupuy2011,
   author = {{Dupuy}, T.~J. and {Liu}, M.~C.},
    title = "{On the Distribution of Orbital Eccentricities for Very Low-mass Binaries}",
  journal = {\apj},
archivePrefix = "arXiv",
   eprint = {1103.5744},
 primaryClass = "astro-ph.SR",
 keywords = {binaries: close, binaries: general, binaries: visual, brown dwarfs, infrared: stars, stars: low-mass, techniques: high angular resolution},
     year = 2011,
    month = jun,
   volume = 733,
      eid = {122},
    pages = {122},
      doi = {10.1088/0004-637X/733/2/122},
   adsurl = {http://adsabs.harvard.edu/abs/2011ApJ...733..122D},
  adsnote = {Provided by the SAO/NASA Astrophysics Data System}
}

@ARTICLE{nagasawa2011,
   author = {{Nagasawa}, M. and {Ida}, S.},
    title = "{Orbital Distributions of Close-in Planets and Distant Planets Formed by Scattering and Dynamical Tides}",
  journal = {\apj},
 keywords = {planetary systems, planets and satellites: formation, planet-star interactions, scattering},
     year = 2011,
    month = dec,
   volume = 742,
      eid = {72},
    pages = {72},
      doi = {10.1088/0004-637X/742/2/72},
   adsurl = {http://adsabs.harvard.edu/abs/2011ApJ...742...72N},
  adsnote = {Provided by the SAO/NASA Astrophysics Data System}
}

@INPROCEEDINGS{chatterjee2011,
   author = {{Chatterjee}, S. and {Ford}, E.~B. and {Rasio}, F.~A.},
    title = "{How planet-planet scattering can create high-inclination as well as long-period orbits}",
 keywords = {scattering, methods: n-body simulations, methods: numerical, planetary systems},
booktitle = {IAU Symposium},
     year = 2011,
   series = {IAU Symposium},
   volume = 276,
archivePrefix = "arXiv",
   eprint = {1012.0584},
 primaryClass = "astro-ph.EP",
   editor = {{Sozzetti}, A. and {Lattanzi}, M.~G. and {Boss}, A.~P.},
    month = nov,
    pages = {225-229},
      doi = {10.1017/S1743921311020229},
   adsurl = {http://adsabs.harvard.edu/abs/2011IAUS..276..225C},
  adsnote = {Provided by the SAO/NASA Astrophysics Data System}
}

@ARTICLE{kalas2008,
   author = {{Kalas}, P. and {Graham}, J.~R. and {Chiang}, E. and {Fitzgerald}, M.~P. and 
	{Clampin}, M. and {Kite}, E.~S. and {Stapelfeldt}, K. and {Marois}, C. and 
	{Krist}, J.},
    title = "{Optical Images of an Exosolar Planet 25 Light-Years from Earth}",
  journal = {Science},
archivePrefix = "arXiv",
   eprint = {0811.1994},
     year = 2008,
    month = nov,
   volume = 322,
    pages = {1345-},
      doi = {10.1126/science.1166609},
   adsurl = {http://adsabs.harvard.edu/abs/2008Sci...322.1345K},
  adsnote = {Provided by the SAO/NASA Astrophysics Data System}
}

@ARTICLE{marois2008,
   author = {{Marois}, C. and {Macintosh}, B. and {Barman}, T. and {Zuckerman}, B. and 
	{Song}, I. and {Patience}, J. and {Lafreni{\`e}re}, D. and {Doyon}, R.
	},
    title = "{Direct Imaging of Multiple Planets Orbiting the Star HR 8799}",
  journal = {Science},
archivePrefix = "arXiv",
   eprint = {0811.2606},
     year = 2008,
    month = nov,
   volume = 322,
    pages = {1348-},
      doi = {10.1126/science.1166585},
   adsurl = {http://adsabs.harvard.edu/abs/2008Sci...322.1348M},
  adsnote = {Provided by the SAO/NASA Astrophysics Data System}
}

@ARTICLE{beust2012,
   author = {{Beust}, H. and {Bonfils}, X. and {Montagnier}, G. and {Delfosse}, X. and 
	{Forveille}, T.},
    title = "{Dynamical evolution of the Gliese 436 planetary system. Kozai migration as a potential source for Gliese 436b's eccentricity}",
  journal = {\aap},
archivePrefix = "arXiv",
   eprint = {1208.0237},
 primaryClass = "astro-ph.SR",
 keywords = {planetary systems, planets and satellites: dynamical evolution and stability, celestial mechanics, stars: individual: Gliese 436, methods: numerical, planet-star interactions},
     year = 2012,
    month = sep,
   volume = 545,
      eid = {A88},
    pages = {A88},
      doi = {10.1051/0004-6361/201219183},
   adsurl = {http://adsabs.harvard.edu/abs/2012A%26A...545A..88B},
  adsnote = {Provided by the SAO/NASA Astrophysics Data System}
}

@ARTICLE{butler2006,
   author = {{Butler}, R.~P. and {Wright}, J.~T. and {Marcy}, G.~W. and {Fischer}, D.~A. and 
	{Vogt}, S.~S. and {Tinney}, C.~G. and {Jones}, H.~R.~A. and 
	{Carter}, B.~D. and {Johnson}, J.~A. and {McCarthy}, C. and 
	{Penny}, A.~J.},
    title = "{Catalog of Nearby Exoplanets}",
  journal = {\apj},
   eprint = {arXiv:astro-ph/0607493},
 keywords = {Stars: Planetary Systems, Stars: Activity, Stars: Chromospheres},
     year = 2006,
    month = jul,
   volume = 646,
    pages = {505-522},
      doi = {10.1086/504701},
   adsurl = {http://adsabs.harvard.edu/abs/2006ApJ...646..505B},
  adsnote = {Provided by the SAO/NASA Astrophysics Data System}
}

@ARTICLE{butler1997,
   author = {{Butler}, R.~P. and {Marcy}, G.~W. and {Williams}, E. and {Hauser}, H. and 
	{Shirts}, P.},
    title = "{Three New ''51 Pegasi--Type'' Planets}",
  journal = {\apjl},
 keywords = {STARS: PLANETARY SYSTEMS, STARS: LOW-MASS, BROWN DWARFS, PLANETS AND SATELLITES: GENERAL},
     year = 1997,
    month = jan,
   volume = 474,
    pages = {L115},
      doi = {10.1086/310444},
   adsurl = {http://adsabs.harvard.edu/abs/1997ApJ...474L.115B},
  adsnote = {Provided by the SAO/NASA Astrophysics Data System}
}

@ARTICLE{baliunas1996,
   author = {{Baliunas}, S. and {Sokoloff}, D. and {Soon}, W.},
    title = "{Magnetic Field and Rotation in Lower Main-Sequence Stars: an Empirical Time-dependent Magnetic Bode's Relation?}",
  journal = {\apjl},
 keywords = {STARS: MAGNETIC FIELDS, STARS: ROTATION},
     year = 1996,
    month = feb,
   volume = 457,
    pages = {L99},
      doi = {10.1086/309891},
   adsurl = {http://adsabs.harvard.edu/abs/1996ApJ...457L..99B},
  adsnote = {Provided by the SAO/NASA Astrophysics Data System}
}

@ARTICLE{brogi2012,
   author = {{Brogi}, M. and {Snellen}, I.~A.~G. and {de Kok}, R.~J. and 
	{Albrecht}, S. and {Birkby}, J. and {de Mooij}, E.~J.~W.},
    title = "{The signature of orbital motion from the dayside of the planet {$\tau$} Bo{\"o}tis b}",
  journal = {\nat},
archivePrefix = "arXiv",
   eprint = {1206.6109},
 primaryClass = "astro-ph.EP",
     year = 2012,
    month = jun,
   volume = 486,
    pages = {502-504},
      doi = {10.1038/nature11161},
   adsurl = {http://adsabs.harvard.edu/abs/2012Natur.486..502B},
  adsnote = {Provided by the SAO/NASA Astrophysics Data System}
}

@ARTICLE{rodler2012,
   author = {{Rodler}, F. and {Lopez-Morales}, M. and {Ribas}, I.},
    title = "{Weighing the Non-transiting Hot Jupiter {$\tau$} Boo b}",
  journal = {\apjl},
archivePrefix = "arXiv",
   eprint = {1206.6197},
 primaryClass = "astro-ph.EP",
 keywords = {planets and satellites: atmospheres, planets and satellites: individual: {$\tau$} Boo b, techniques: radial velocities, techniques: spectroscopic},
     year = 2012,
    month = jul,
   volume = 753,
      eid = {L25},
    pages = {L25},
      doi = {10.1088/2041-8205/753/1/L25},
   adsurl = {http://adsabs.harvard.edu/abs/2012ApJ...753L..25R},
  adsnote = {Provided by the SAO/NASA Astrophysics Data System}
}

@ARTICLE{donati2008,
   author = {{Donati}, J.-F. and {Moutou}, C. and {Far{\`e}s}, R. and {Bohlender}, D. and 
	{Catala}, C. and {Deleuil}, M. and {Shkolnik}, E. and {Collier Cameron}, A. and 
	{Jardine}, M.~M. and {Walker}, G.~A.~H.},
    title = "{Magnetic cycles of the planet-hosting star {$\tau$} Bootis}",
  journal = {\mnras},
archivePrefix = "arXiv",
   eprint = {0802.1584},
 keywords = {stars: activity, stars: imaging, stars: individual: {$\tau$} Boo, stars: magnetic fields, techniques: polarimetric, planetary systems},
     year = 2008,
    month = apr,
   volume = 385,
    pages = {1179-1185},
      doi = {10.1111/j.1365-2966.2008.12946.x},
   adsurl = {http://adsabs.harvard.edu/abs/2008MNRAS.385.1179D},
  adsnote = {Provided by the SAO/NASA Astrophysics Data System}
}

@ARTICLE{marcy2005,
   author = {{Marcy}, G.~W. and {Butler}, R.~P. and {Vogt}, S.~S. and {Fischer}, D.~A. and 
	{Henry}, G.~W. and {Laughlin}, G. and {Wright}, J.~T. and {Johnson}, J.~A.
	},
    title = "{Five New Extrasolar Planets}",
  journal = {\apj},
 keywords = {Stars: Planetary Systems, Stars: Individual: Henry Draper Number: HD 45350, Stars: Individual: Henry Draper Number: HD 99492, Stars: Individual: Henry Draper Number: HD 117207, Stars: Individual: Henry Draper Number: HD 183263, Stars: Individual: Henry Draper Number: HD 188015},
     year = 2005,
    month = jan,
   volume = 619,
    pages = {570-584},
      doi = {10.1086/426384},
   adsurl = {http://adsabs.harvard.edu/abs/2005ApJ...619..570M},
  adsnote = {Provided by the SAO/NASA Astrophysics Data System}
}

@book{numericalRecipes,
  title="{Numerical Recipes 3rd Edition: The Art of Scientific Computing}",
  author={Press, W.H.},
  isbn={9780521880688},
  lccn={89015841},
  url={http://books.google.co.jp/books?id=1aAOdzK3FegC},
  year={2007},
  publisher={Cambridge University Press}
}

@misc{ADIintro,
author = {Thalmann, Christian},
title = "{A short introduction to Angular Differential Imaging}",
year = {2010},
howpublished = {\url{\\http://www.mpia.de/homes/thalmann/adi.htm}}
}

@ARTICLE{lafreniere2007,
   author = {{Lafreni{\`e}re}, D. and {Marois}, C. and {Doyon}, R. and {Nadeau}, D. and 
	{Artigau}, {\'E}.},
    title = "{A New Algorithm for Point-Spread Function Subtraction in High-Contrast Imaging: A Demonstration with Angular Differential Imaging}",
  journal = {\apj},
   eprint = {arXiv:astro-ph/0702697},
 keywords = {Instrumentation: Adaptive Optics, Stars: Planetary Systems, Stars: Imaging, Techniques: High Angular Resolution, Techniques: Image Processing},
     year = 2007,
    month = may,
   volume = 660,
    pages = {770-780},
      doi = {10.1086/513180},
   adsurl = {http://adsabs.harvard.edu/abs/2007ApJ...660..770L},
  adsnote = {Provided by the SAO/NASA Astrophysics Data System}
}

@ARTICLE{marois2006,
   author = {{Marois}, C. and {Lafreni{\`e}re}, D. and {Doyon}, R. and {Macintosh}, B. and 
	{Nadeau}, D.},
    title = "{Angular Differential Imaging: A Powerful High-Contrast Imaging Technique}",
  journal = {\apj},
   eprint = {arXiv:astro-ph/0512335},
 keywords = {Instrumentation: Adaptive Optics, Stars: Planetary Systems, Stars: Imaging},
     year = 2006,
    month = apr,
   volume = 641,
    pages = {556-564},
      doi = {10.1086/500401},
   adsurl = {http://adsabs.harvard.edu/abs/2006ApJ...641..556M},
  adsnote = {Provided by the SAO/NASA Astrophysics Data System}
}

@ARTICLE{struve,
   author = {{Struve}, O.},
    title = "{Proposal for a project of high-precision stellar radial velocity work}",
  journal = {The Observatory},
     year = 1952,
    month = oct,
   volume = 72,
    pages = {199-200},
   adsurl = {http://adsabs.harvard.edu/abs/1952Obs....72..199S},
  adsnote = {Provided by the SAO/NASA Astrophysics Data System}
}

@ARTICLE{mayor,
   author = {{Mayor}, M. and {Queloz}, D.},
    title = "{A Jupiter-mass companion to a solar-type star}",
  journal = {\nat},
     year = 1995,
    month = nov,
   volume = 378,
    pages = {355-359},
      doi = {10.1038/378355a0},
   adsurl = {http://adsabs.harvard.edu/abs/1995Natur.378..355M},
  adsnote = {Provided by the SAO/NASA Astrophysics Data System}
}

@misc{wolszczan,
author = {A. Wolszczan},
title = "{Astro 497: Astronomy of Extrasolar Planets}",
month = April,
year = {2006},
howpublished = {\url{http://www.astro.psu.edu/users/alex/Teaching_spring06.html}}
}

@ARTICLE{lafreniere2008,
   author = {{Lafreni{\`e}re}, D. and {Jayawardhana}, R. and {van Kerkwijk}, M.~H.
	},
    title = "{Direct Imaging and Spectroscopy of a Planetary-Mass Candidate Companion to a Young Solar Analog}",
  journal = {\apjl},
archivePrefix = "arXiv",
   eprint = {0809.1424},
 keywords = {Stars: Planetary Systems, Stars: Low-Mass, Brown Dwarfs, Stars: Pre-Main-Sequence},
     year = 2008,
    month = dec,
   volume = 689,
    pages = {L153-L156},
      doi = {10.1086/595870},
   adsurl = {http://adsabs.harvard.edu/abs/2008ApJ...689L.153L},
  adsnote = {Provided by the SAO/NASA Astrophysics Data System}
}

@ARTICLE{skemer2012,
   author = {{Skemer}, A.~J. and {Hinz}, P.~M. and {Esposito}, S. and {Burrows}, A. and 
	{Leisenring}, J. and {Skrutskie}, M. and {Desidera}, S. and 
	{Mesa}, D. and {Arcidiacono}, C. and {Mannucci}, F. and {Rodigas}, T.~J. and 
	{Close}, L. and {McCarthy}, D. and {Kulesa}, C. and {Agapito}, G. and 
	{Apai}, D. and {Argomedo}, J. and {Bailey}, V. and {Boutsia}, K. and 
	{Briguglio}, R. and {Brusa}, G. and {Busoni}, L. and {Claudi}, R. and 
	{Eisner}, J. and {Fini}, L. and {Follette}, K.~B. and {Garnavich}, P. and 
	{Gratton}, R. and {Guerra}, J.~C. and {Hill}, J.~M. and {Hoffmann}, W.~F. and 
	{Jones}, T. and {Krejny}, M. and {Males}, J. and {Masciadri}, E. and 
	{Meyer}, M.~R. and {Miller}, D.~L. and {Morzinski}, K. and {Nelson}, M. and 
	{Pinna}, E. and {Puglisi}, A. and {Quanz}, S.~P. and {Quiros-Pacheco}, F. and 
	{Riccardi}, A. and {Stefanini}, P. and {Vaitheeswaran}, V. and 
	{Wilson}, J.~C. and {Xompero}, M.},
    title = "{First Light LBT AO Images of HR 8799 bcde at 1.6 and 3.3 {$\mu$}m: New Discrepancies between Young Planets and Old Brown Dwarfs}",
  journal = {\apj},
archivePrefix = "arXiv",
   eprint = {1203.2615},
 primaryClass = "astro-ph.EP",
 keywords = {brown dwarfs, instrumentation: adaptive optics, planetary systems, planets and satellites: atmospheres, stars: individual: HR 8799},
     year = 2012,
    month = jul,
   volume = 753,
      eid = {14},
    pages = {14},
      doi = {10.1088/0004-637X/753/1/14},
   adsurl = {http://adsabs.harvard.edu/abs/2012ApJ...753...14S},
  adsnote = {Provided by the SAO/NASA Astrophysics Data System}
}

@INPROCEEDINGS{hill1994,
   author = {{Hill}, J.~M.},
    title = "{The Large Binocular Telescope Project}",
booktitle = {American Astronomical Society Meeting Abstracts},
     year = 1994,
   series = {Bulletin of the American Astronomical Society},
   volume = 26,
    month = dec,
    pages = {1322},
   adsurl = {http://adsabs.harvard.edu/abs/1994AAS...185.1006H},
  adsnote = {Provided by the SAO/NASA Astrophysics Data System}
}

@INPROCEEDINGS{esposito2011,
   author = {{Esposito}, S. and {Riccardi}, A. and {Pinna}, E. and {Puglisi}, A. and 
	{Quir{\'o}s-Pacheco}, F. and {Arcidiacono}, C. and {Xompero}, M. and 
	{Briguglio}, R. and {Agapito}, G. and {Busoni}, L. and {Fini}, L. and 
	{Argomedo}, J. and {Gherardi}, A. and {Brusa}, G. and {Miller}, D. and 
	{Guerra}, J.~C. and {Stefanini}, P. and {Salinari}, P.},
    title = "{Large Binocular Telescope Adaptive Optics System: new achievements and perspectives in adaptive optics}",
booktitle = {Society of Photo-Optical Instrumentation Engineers (SPIE) Conference Series},
     year = 2011,
   series = {Society of Photo-Optical Instrumentation Engineers (SPIE) Conference Series},
   volume = 8149,
archivePrefix = "arXiv",
   eprint = {1203.2761},
 primaryClass = "astro-ph.IM",
    month = sep,
      eid = {814902},
      doi = {10.1117/12.898641},
   adsurl = {http://adsabs.harvard.edu/abs/2011SPIE.8149E...1E},
  adsnote = {Provided by the SAO/NASA Astrophysics Data System}
}

@ARTICLE{albrecht2012,
   author = {{Albrecht}, S. and {Winn}, J.~N. and {Butler}, R.~P. and {Crane}, J.~D. and 
	{Shectman}, S.~A. and {Thompson}, I.~B. and {Hirano}, T. and 
	{Wittenmyer}, R.~A.},
    title = "{A High Stellar Obliquity in the WASP-7 Exoplanetary System}",
  journal = {\apj},
archivePrefix = "arXiv",
   eprint = {1111.5016},
 primaryClass = "astro-ph.EP",
 keywords = {planetary systems, planets and satellites: formation, planet-star interactions, stars: individual: WASP-7, stars: rotation, techniques: spectroscopic},
     year = 2012,
    month = jan,
   volume = 744,
      eid = {189},
    pages = {189},
      doi = {10.1088/0004-637X/744/2/189},
   adsurl = {http://adsabs.harvard.edu/abs/2012ApJ...744..189A},
  adsnote = {Provided by the SAO/NASA Astrophysics Data System}
}

@ARTICLE{currie2012,
   author = {{Currie}, T. and {Fukagawa}, M. and {Thalmann}, C. and {Matsumura}, S. and 
	{Plavchan}, P.},
    title = "{Direct Detection and Orbital Analysis of the Exoplanets HR 8799 bcd from Archival 2005 Keck/NIRC2 Data}",
  journal = {\apjl},
archivePrefix = "arXiv",
   eprint = {1206.0483},
 primaryClass = "astro-ph.EP",
 keywords = {planetary systems, stars: early-type, stars: individual: HR 8799},
     year = 2012,
    month = aug,
   volume = 755,
      eid = {L34},
    pages = {L34},
      doi = {10.1088/2041-8205/755/2/L34},
   adsurl = {http://adsabs.harvard.edu/abs/2012ApJ...755L..34C},
  adsnote = {Provided by the SAO/NASA Astrophysics Data System}
}

@INPROCEEDINGS{tokovinin1992,
   author = {{Tokovinin}, A.},
    title = "{Speckle Spectroscopic Studies of Late-Type Stars}",
booktitle = {IAU Colloq. 135: Complementary Approaches to Double and Multiple Star Research},
     year = 1992,
   series = {Astronomical Society of the Pacific Conference Series},
   volume = 32,
   editor = {{McAlister}, H.~A. and {Hartkopf}, W.~I.},
    pages = {573},
   adsurl = {http://adsabs.harvard.edu/abs/1992ASPC...32..573T},
  adsnote = {Provided by the SAO/NASA Astrophysics Data System}
}

@ARTICLE{tokovinin1993,
   author = {{Tokovinin}, A.~A.},
    title = "{Spectroscopic-visual orbits of two stars}",
  journal = {Astronomy Letters},
 keywords = {BINARY STARS, ORBITAL ELEMENTS, STELLAR ORBITS, STELLAR SPECTROPHOTOMETRY, VISIBLE SPECTRUM, LEAST SQUARES METHOD, STELLAR PARALLAX, STELLAR SPECTRA, VISUAL OBSERVATION},
     year = 1993,
    month = mar,
   volume = 19,
    pages = {73-77},
   adsurl = {http://adsabs.harvard.edu/abs/1993AstL...19...73T},
  adsnote = {Provided by the SAO/NASA Astrophysics Data System}
}

@ARTICLE{forveille1999,
   author = {{Forveille}, T. and {Beuzit}, J.-L. and {Delfosse}, X. and {Segransan}, D. and 
	{Beck}, F. and {Mayor}, M. and {Perrier}, C. and {Tokovinin}, A. and 
	{Udry}, S.},
    title = "{Accurate masses of very low mass stars. I. GL 570BC (0.6 M\_sun+0.4 M\_sun)}",
  journal = {\aap},
   eprint = {arXiv:astro-ph/9909342},
 keywords = {STARS: BINARIES: GENERAL, STARS: BINARIES: SPECTROSCOPIC, STARS: BINARIES: VISUAL, STARS: LOW-MASS, BROWN DWARFS},
     year = 1999,
    month = nov,
   volume = 351,
    pages = {619-626},
   adsurl = {http://adsabs.harvard.edu/abs/1999A%26A...351..619F},
  adsnote = {Provided by the SAO/NASA Astrophysics Data System}
}

@ARTICLE{hartkopf1989,
   author = {{Hartkopf}, W.~I. and {McAlister}, H.~A. and {Franz}, O.~G.},
    title = "{Binary star orbits from speckle interferometry. II - Combined visual-speckle orbits of 28 close systems}",
  journal = {\aj},
 keywords = {BINARY STARS, ORBITAL ELEMENTS, SPECKLE INTERFEROMETRY, STELLAR ORBITS, VISUAL OBSERVATION, ASTRONOMICAL CATALOGS, ORBIT CALCULATION, TABLES (DATA), WEIGHTING FUNCTIONS},
     year = 1989,
    month = sep,
   volume = 98,
    pages = {1014-1039},
      doi = {10.1086/115193},
   adsurl = {http://adsabs.harvard.edu/abs/1989AJ.....98.1014H},
  adsnote = {Provided by the SAO/NASA Astrophysics Data System}
}

@ARTICLE{liu2008,
   author = {{Liu}, M.~C. and {Dupuy}, T.~J. and {Ireland}, M.~J.},
    title = "{Keck Laser Guide Star Adaptive Optics Monitoring of 2MASS J15344984-2952274AB: First Dynamical Mass Determination of a Binary T Dwarf}",
  journal = {\apj},
archivePrefix = "arXiv",
   eprint = {0807.0238},
 keywords = {Stars: Binaries: Close, Stars: Binaries: Visual, Infrared: Stars, Stars: Fundamental Parameters, Stars: Low-Mass, Brown Dwarfs, Techniques: High Anular Resolution},
     year = 2008,
    month = dec,
   volume = 689,
    pages = {436-460},
      doi = {10.1086/591837},
   adsurl = {http://adsabs.harvard.edu/abs/2008ApJ...689..436L},
  adsnote = {Provided by the SAO/NASA Astrophysics Data System}
}

@ARTICLE{wright2009,
   author = {{Wright}, J.~T. and {Howard}, A.~W.},
    title = "{Efficient Fitting of Multiplanet Keplerian Models to Radial Velocity and Astrometry Data}",
  journal = {\apjs},
archivePrefix = "arXiv",
   eprint = {0904.3725},
 primaryClass = "astro-ph.SR",
 keywords = {astrometry, methods: data analysis, methods: numerical, planetary systems, techniques: radial velocities},
     year = 2009,
    month = may,
   volume = 182,
      eid = {205},
    pages = {205-215},
      doi = {10.1088/0067-0049/182/1/205},
   adsurl = {http://adsabs.harvard.edu/abs/2009ApJS..182..205W},
  adsnote = {Provided by the SAO/NASA Astrophysics Data System}
}

@incollection{SFMT,
year={2008},
isbn={978-3-540-74495-5},
booktitle="{Monte Carlo and Quasi-Monte Carlo Methods 2006}",
editor={Keller, Alexander and Heinrich, Stefan and Niederreiter, Harald},
doi={10.1007/978-3-540-74496-2_36},
title={SIMD-Oriented Fast Mersenne Twister: a 128-bit Pseudorandom Number Generator},
url={http://dx.doi.org/10.1007/978-3-540-74496-2_36},
publisher={Springer Berlin Heidelberg},
author={Saito, Mutsuo and Matsumoto, Makoto},
pages={607-622}
}

@inproceedings{randGen,
    author = {Matsumoto, Makoto and Nishimura, Takuji},
    booktitle = {Proceedings of the Third International Conference on Monte Carlo and Quasi-Monte Carlo Methods in Scientific Computing},
    citeulike-article-id = {8960829},
    keywords = {pf},
    month = jun,
    pages = {56--69},
    posted-at = {2011-03-08 15:56:40},
    priority = {2},
    title = {{Dynamic Creation of Pseudorandom Number Generators}},
    year = {1998}
}

@ARTICLE{lagrange2009,
   author = {{Lagrange}, A.-M. and {Gratadour}, D. and {Chauvin}, G. and 
	{Fusco}, T. and {Ehrenreich}, D. and {Mouillet}, D. and {Rousset}, G. and 
	{Rouan}, D. and {Allard}, F. and {Gendron}, {\'E}. and {Charton}, J. and 
	{Mugnier}, L. and {Rabou}, P. and {Montri}, J. and {Lacombe}, F.
	},
    title = "{A probable giant planet imaged in the {$\beta$} Pictoris disk. VLT/NaCo deep L'-band imaging}",
  journal = {\aap},
archivePrefix = "arXiv",
   eprint = {0811.3583},
 keywords = {instrumentation: adaptive optics, stars: early-type, stars: planetary systems, stars: individual: {$\beta$} Pic},
     year = 2009,
    month = jan,
   volume = 493,
    pages = {L21-L25},
      doi = {10.1051/0004-6361:200811325},
   adsurl = {http://adsabs.harvard.edu/abs/2009A%26A...493L..21L},
  adsnote = {Provided by the SAO/NASA Astrophysics Data System}
}

@ARTICLE{reidemeister2009,
   author = {{Reidemeister}, M. and {Krivov}, A.~V. and {Schmidt}, T.~O.~B. and 
	{Fiedler}, S. and {M{\"u}ller}, S. and {L{\"o}hne}, T. and {Neuh{\"a}user}, R.
	},
    title = "{A possible architecture of the planetary system HR 8799}",
  journal = {\aap},
archivePrefix = "arXiv",
   eprint = {0905.4688},
 primaryClass = "astro-ph.EP",
 keywords = {planetary systems: formation, circumstellar matter, celestial mechanics, stars: individual: HR 8799.},
     year = 2009,
    month = aug,
   volume = 503,
    pages = {247-258},
      doi = {10.1051/0004-6361/200912055},
   adsurl = {http://adsabs.harvard.edu/abs/2009A%26A...503..247R},
  adsnote = {Provided by the SAO/NASA Astrophysics Data System}
}

@ARTICLE{marois2010,
   author = {{Marois}, C. and {Zuckerman}, B. and {Konopacky}, Q.~M. and 
	{Macintosh}, B. and {Barman}, T.},
    title = "{Images of a fourth planet orbiting HR 8799}",
  journal = {\nat},
archivePrefix = "arXiv",
   eprint = {1011.4918},
 primaryClass = "astro-ph.EP",
     year = 2010,
    month = dec,
   volume = 468,
    pages = {1080-1083},
      doi = {10.1038/nature09684},
   adsurl = {http://adsabs.harvard.edu/abs/2010Natur.468.1080M},
  adsnote = {Provided by the SAO/NASA Astrophysics Data System}
}

@ARTICLE{kuzuhara2013,
   author = {{Kuzuhara}, M. and {Tamura}, M. and {Kudo}, T. and {Janson}, M. and 
	{Kandori}, R. and {Brandt}, T.~D. and {Thalmann}, C. and {Spiegel}, D. and 
	{Biller}, B. and {Carson}, J. and {Hori}, Y. and {Suzuki}, R. and 
	{Burrows}, A. and {Henning}, T. and {Turner}, E.~L. and {McElwain}, M.~W. and 
	{Moro-Martin}, A. and {Suenaga}, T. and {Takahashi}, Y.~H. and 
	{Kwon}, J. and {Lucas}, P. and {Abe}, L. and {Brandner}, W. and 
	{Egner}, S. and {Feldt}, M. and {Fujiwara}, H. and {Goto}, M. and 
	{Grady}, C.~A. and {Guyon}, O. and {Hashimoto}, J. and {Hayano}, Y. and 
	{Hayashi}, M. and {Hayashi}, S.~S. and {Hodapp}, K.~W. and {Ishii}, M. and 
	{Iye}, M. and {Knapp}, G.~R. and {Matsuo}, T. and {Mayama}, S. and 
	{Miyama}, S. and {Morino}, J.-I. and {Nishikawa}, J. and {Nishimura}, T. and 
	{Kotani}, T. and {Kusakabe}, N. and {Pyo}, T.-S. and {Serabyn}, E. and 
	{Suto}, H. and {Takami}, M. and {Takato}, N. and {Terada}, H. and 
	{Tomono}, D. and {Watanabe}, M. and {Wisniewski}, J.~P. and 
	{Yamada}, T. and {Takami}, H. and {Usuda}, T.},
    title = "{Direct Imaging of a Cold Jovian Exoplanet in Orbit around the Sun-like Star GJ 504}",
  journal = {ArXiv e-prints},
archivePrefix = "arXiv",
   eprint = {1307.2886},
 primaryClass = "astro-ph.EP",
 keywords = {Astrophysics - Earth and Planetary Astrophysics, Astrophysics - Galaxy Astrophysics, Astrophysics - Solar and Stellar Astrophysics},
     year = 2013,
    month = jul,
   adsurl = {http://adsabs.harvard.edu/abs/2013arXiv1307.2886K}
   adsnote = {Provided by the SAO/NASA Astrophysics Data System}
}

@ARTICLE{schneider2011,
   author = {{Schneider}, J. and {Dedieu}, C. and {Le Sidaner}, P. and {Savalle}, R. and 
	{Zolotukhin}, I.},
    title = "{Defining and cataloging exoplanets: the exoplanet.eu database}",
  journal = {\aap},
archivePrefix = "arXiv",
   eprint = {1106.0586},
 primaryClass = "astro-ph.EP",
 keywords = {catalogs, virtual observatory tools, planetary systems, planets and satellites: detection, planets and satellites: fundamental parameters},
     year = 2011,
    month = aug,
   volume = 532,
      eid = {A79},
    pages = {A79},
      doi = {10.1051/0004-6361/201116713},
   adsurl = {http://adsabs.harvard.edu/abs/2011A%26A...532A..79S},
  adsnote = {Provided by the SAO/NASA Astrophysics Data System}
}

@ARTICLE{batalha2013,
   author = {{Batalha}, N.~M. and {Rowe}, J.~F. and {Bryson}, S.~T. and {Barclay}, T. and 
	{Burke}, C.~J. and {Caldwell}, D.~A. and {Christiansen}, J.~L. and 
	{Mullally}, F. and {Thompson}, S.~E. and {Brown}, T.~M. and 
	{Dupree}, A.~K. and {Fabrycky}, D.~C. and {Ford}, E.~B. and 
	{Fortney}, J.~J. and {Gilliland}, R.~L. and {Isaacson}, H. and 
	{Latham}, D.~W. and {Marcy}, G.~W. and {Quinn}, S.~N. and {Ragozzine}, D. and 
	{Shporer}, A. and {Borucki}, W.~J. and {Ciardi}, D.~R. and {Gautier}, III, T.~N. and 
	{Haas}, M.~R. and {Jenkins}, J.~M. and {Koch}, D.~G. and {Lissauer}, J.~J. and 
	{Rapin}, W. and {Basri}, G.~S. and {Boss}, A.~P. and {Buchhave}, L.~A. and 
	{Carter}, J.~A. and {Charbonneau}, D. and {Christensen-Dalsgaard}, J. and 
	{Clarke}, B.~D. and {Cochran}, W.~D. and {Demory}, B.-O. and 
	{Desert}, J.-M. and {Devore}, E. and {Doyle}, L.~R. and {Esquerdo}, G.~A. and 
	{Everett}, M. and {Fressin}, F. and {Geary}, J.~C. and {Girouard}, F.~R. and 
	{Gould}, A. and {Hall}, J.~R. and {Holman}, M.~J. and {Howard}, A.~W. and 
	{Howell}, S.~B. and {Ibrahim}, K.~A. and {Kinemuchi}, K. and 
	{Kjeldsen}, H. and {Klaus}, T.~C. and {Li}, J. and {Lucas}, P.~W. and 
	{Meibom}, S. and {Morris}, R.~L. and {Pr{\v s}a}, A. and {Quintana}, E. and 
	{Sanderfer}, D.~T. and {Sasselov}, D. and {Seader}, S.~E. and 
	{Smith}, J.~C. and {Steffen}, J.~H. and {Still}, M. and {Stumpe}, M.~C. and 
	{Tarter}, J.~C. and {Tenenbaum}, P. and {Torres}, G. and {Twicken}, J.~D. and 
	{Uddin}, K. and {Van Cleve}, J. and {Walkowicz}, L. and {Welsh}, W.~F.
	},
    title = "{Planetary Candidates Observed by Kepler. III. Analysis of the First 16 Months of Data}",
  journal = {\apjs},
archivePrefix = "arXiv",
   eprint = {1202.5852},
 primaryClass = "astro-ph.EP",
 keywords = {catalogs, eclipses, planetary systems, space vehicles, techniques: photometric },
     year = 2013,
    month = feb,
   volume = 204,
      eid = {24},
    pages = {24},
      doi = {10.1088/0067-0049/204/2/24},
   adsurl = {http://adsabs.harvard.edu/abs/2013ApJS..204...24B},
  adsnote = {Provided by the SAO/NASA Astrophysics Data System}
}

@INPROCEEDINGS{tamura2009,
   author = {{Tamura}, M.},
    title = "{Subaru Strategic Exploration of Exoplanets and Disks with HiCIAO/AO188 (SEEDS)}",
 keywords = {Main-sequence: early-type stars, Astronomical catalogs, atlases, sky surveys, databases, retrieval systems, archives, etc., Circumstellar shells, clouds, and expanding envelopes; circumstellar masers, Stellar characteristics and properties},
booktitle = {American Institute of Physics Conference Series},
     year = 2009,
   series = {American Institute of Physics Conference Series},
   volume = 1158,
   editor = {{Usuda}, T. and {Tamura}, M. and {Ishii}, M.},
    month = aug,
    pages = {11-16},
      doi = {10.1063/1.3215811},
   adsurl = {http://adsabs.harvard.edu/abs/2009AIPC.1158...11T},
  adsnote = {Provided by the SAO/NASA Astrophysics Data System}
}


@ARTICLE{konopacky2010,
   author = {{Konopacky}, Q.~M. and {Ghez}, A.~M. and {Barman}, T.~S. and 
	{Rice}, E.~L. and {Bailey}, III, J.~I. and {White}, R.~J. and 
	{McLean}, I.~S. and {Duch{\^e}ne}, G.},
    title = "{High-precision Dynamical Masses of Very Low Mass Binaries}",
  journal = {\apj},
archivePrefix = "arXiv",
   eprint = {1001.4800},
 primaryClass = "astro-ph.SR",
 keywords = {binaries: visual, brown dwarfs, stars: fundamental parameters, stars: low-mass, techniques: high angular resolution},
     year = 2010,
    month = mar,
   volume = 711,
      eid = {1087},
    pages = {1087-1122},
      doi = {10.1088/0004-637X/711/2/1087},
   adsurl = {http://adsabs.harvard.edu/abs/2010ApJ...711.1087K},
  adsnote = {Provided by the SAO/NASA Astrophysics Data System}
}

@ARTICLE{ford2000,
   author = {{Ford}, E.~B. and {Kozinsky}, B. and {Rasio}, F.~A.},
    title = "{Secular Evolution of Hierarchical Triple Star Systems}",
  journal = {\apj},
 keywords = {Stars: Binaries: General, Celestial Mechanics, Stellar Dynamics, Stars: Planetary Systems, stars: individual (TMR-1, 16 Cygni), pulsars: individual (PSR B1620-26)},
     year = 2000,
    month = may,
   volume = 535,
    pages = {385-401},
      doi = {10.1086/308815},
   adsurl = {http://adsabs.harvard.edu/abs/2000ApJ...535..385F},
  adsnote = {Provided by the SAO/NASA Astrophysics Data System}
}

@ARTICLE{ford2006,
   author = {{Ford}, E.~B.},
    title = "{Improving the Efficiency of Markov Chain Monte Carlo for Analyzing the Orbits of Extrasolar Planets}",
  journal = {\apj},
   eprint = {arXiv:astro-ph/0512634},
 keywords = {Methods: Statistical, Stars: Planetary Systems, Techniques: Radial Velocities},
     year = 2006,
    month = may,
   volume = 642,
    pages = {505-522},
      doi = {10.1086/500802},
   adsurl = {http://adsabs.harvard.edu/abs/2006ApJ...642..505F},
  adsnote = {Provided by the SAO/NASA Astrophysics Data System}
}

@book{gelman2003,
  title={Bayesian Data Analysis, Second Edition},
  author={Gelman, A. and Carlin, J.B. and Stern, H.S. and Rubin, D.B.},
  isbn={9781420057294},
  series={Chapman \& Hall/CRC Texts in Statistical Science},
  url={http://books.google.co.jp/books?id=TNYhnkXQSjAC},
  year={2003},
  publisher={Taylor \& Francis}
}

@ARTICLE{laughlin2005,
   author = {{Laughlin}, G. and {Marcy}, G.~W. and {Vogt}, S.~S. and {Fischer}, D.~A. and 
	{Butler}, R.~P.},
    title = "{On the Eccentricity of HD 209458b}",
  journal = {\apjl},
 keywords = {Stars: Planetary Systems, Planets and Satellites: General, Stars: Individual: Henry Draper Number: HD 209458},
     year = 2005,
    month = aug,
   volume = 629,
    pages = {L121-L124},
      doi = {10.1086/444558},
   adsurl = {http://adsabs.harvard.edu/abs/2005ApJ...629L.121L},
  adsnote = {Provided by the SAO/NASA Astrophysics Data System}
}

@INPROCEEDINGS{tamura2007,
   author = {{Tamura}, M. and {Hodapp}, K. and {Suzuki}, R. and {Abe}, L. and 
	{Takami}, H. and {Suto}, H. and {Guyon}, O. and {Kandori}, R. and 
	{Morino}, J. and {Hashimoto}, J. and {Stahlberger}, V. and {Jacobson}, S. and 
	{Yamada}, H. and {Shelton}, R. and {Tavrov}, A. and {Murakami}, N. and 
	{Nishikawa}, J. and {Hayashi}, M. and {Usuda}, T. and {Yamada}, T. and 
	{Nishimura}, T.},
    title = "{HiCIAO and Exoplanet/Disk Searches on Subaru}",
booktitle = {In the Spirit of Bernard Lyot:  The Direct Detection of Planets and Circumstellar Disks in the 21st Century},
     year = 2007,
    month = jun,
   adsurl = {http://adsabs.harvard.edu/abs/2007lyot.confE..34T},
  adsnote = {Provided by the SAO/NASA Astrophysics Data System}
}


@INPROCEEDINGS{martinache2009,
   author = {{Martinache}, F. and {Guyon}, O.},
    title = "{The Subaru Coronagraphic Extreme-AO Project}",
booktitle = {Society of Photo-Optical Instrumentation Engineers (SPIE) Conference Series},
     year = 2009,
   series = {Society of Photo-Optical Instrumentation Engineers (SPIE) Conference Series},
   volume = 7440,
    month = aug,
      eid = {74400O},
      doi = {10.1117/12.826365},
   adsurl = {http://adsabs.harvard.edu/abs/2009SPIE.7440E..20M},
  adsnote = {Provided by the SAO/NASA Astrophysics Data System}
}

@ARTICLE{currie2013,
   author = {{Currie}, T. and {Guyon}, O. and {Martinache}, F. and {Clergeon}, C. and 
	{McElwain}, M. and {Thalmann}, C. and {Jovanovic}, N. and {Singh}, G. and 
	{Kudo}, T.},
    title = "{The Subaru Coronagraphic Extreme Adaptive Optics Imager: First Results and On-Sky Performance}",
  journal = {ArXiv e-prints},
archivePrefix = "arXiv",
   eprint = {1307.4093},
 primaryClass = "astro-ph.IM",
 keywords = {Astrophysics - Instrumentation and Methods for Astrophysics, Astrophysics - Earth and Planetary Astrophysics},
     year = 2013,
    month = jul,
   adsurl = {http://adsabs.harvard.edu/abs/2013arXiv1307.4093C},
  adsnote = {Provided by the SAO/NASA Astrophysics Data System}
}

@INPROCEEDINGS{groff2013,
   author = {{Groff}, T.~D. and {Peters}, M. and {Kasdin}, N.~J. and {McElwain}, M.~W. and 
	{Galvin}, M. and {Carr}, M. and {Knapp}, G.~R. and {Janson}, M. and 
	{Brandt}, T. and {Lupton}, R. and {Gunn}, J.~E. and {Guyon}, O. and 
	{Martinache}, F. and {Hayashi}, M. and {Takato}, N.},
    title = "{Preliminary Design of the Coronagraphic High Angular Resolution Imaging Spectrograph (CHARIS)}",
booktitle = {American Astronomical Society Meeting Abstracts},
     year = 2013,
   series = {American Astronomical Society Meeting Abstracts},
   volume = 221,
    month = jan,
    pages = {345.10},
   adsurl = {http://adsabs.harvard.edu/abs/2013AAS...22134510G},
  adsnote = {Provided by the SAO/NASA Astrophysics Data System}
}

@INPROCEEDINGS{peters2012,
   author = {{Peters}, M.~A. and {Groff}, T. and {Kasdin}, N.~J. and {McElwain}, M.~W. and 
	{Galvin}, M. and {Carr}, M.~A. and {Lupton}, R. and {Gunn}, J.~E. and 
	{Knapp}, G. and {Gong}, Q. and {Carlotti}, A. and {Brandt}, T. and 
	{Janson}, M. and {Guyon}, O. and {Martinache}, F. and {Hayashi}, M. and 
	{Takato}, N.},
    title = "{Conceptual design of the Coronagraphic High Angular Resolution Imaging Spectrograph (CHARIS) for the Subaru telescope}",
booktitle = {Society of Photo-Optical Instrumentation Engineers (SPIE) Conference Series},
     year = 2012,
   series = {Society of Photo-Optical Instrumentation Engineers (SPIE) Conference Series},
   volume = 8446,
archivePrefix = "arXiv",
   eprint = {1208.3190},
 primaryClass = "astro-ph.IM",
    month = sep,
      eid = {84467U},
      doi = {10.1117/12.926381},
   adsurl = {http://adsabs.harvard.edu/abs/2012SPIE.8446E..7UP},
  adsnote = {Provided by the SAO/NASA Astrophysics Data System}
}

@ARTICLE{narita2009,
   author = {{Narita}, N. and {Hirano}, T. and {Sato}, B. and {Winn}, J.~N. and 
	{Suto}, Y. and {Turner}, E.~L. and {Aoki}, W. and {Tamura}, M. and 
	{Yamada}, T.},
    title = "{Improved Measurement of the Rossiter-McLaughlin Effect in the Exoplanetary System HD 17156}",
  journal = {\pasj},
archivePrefix = "arXiv",
   eprint = {0905.4727},
 primaryClass = "astro-ph.EP",
 keywords = {stars: planetary systems: individual (HD 17156), stars: rotation, techniques: radial velocities, techniques: spectroscopic},
     year = 2009,
    month = oct,
   volume = 61,
    pages = {991-},
   adsurl = {http://adsabs.harvard.edu/abs/2009PASJ...61..991N},
  adsnote = {Provided by the SAO/NASA Astrophysics Data System}
}

@ARTICLE{barbieri2009,
   author = {{Barbieri}, M. and {Alonso}, R. and {Desidera}, S. and {Sozzetti}, A. and 
	{Martinez Fiorenzano}, A.~F. and {Almenara}, J.~M. and {Cecconi}, M. and 
	{Claudi}, R.~U. and {Charbonneau}, D. and {Endl}, M. and {Granata}, V. and 
	{Gratton}, R. and {Laughlin}, G. and {Loeillet}, B. and {EXOPLANET Amateur Consortium}
	},
    title = "{Characterization of the HD 17156 planetary system}",
  journal = {\aap},
archivePrefix = "arXiv",
   eprint = {0812.0785},
 keywords = {stars: individual: HD 17156, stars: binaries: eclipsing, stars: planetary systems, techniques: spectroscopic, techniques: photometric},
     year = 2009,
    month = aug,
   volume = 503,
    pages = {601-612},
      doi = {10.1051/0004-6361/200811466},
   adsurl = {http://adsabs.harvard.edu/abs/2009A%26A...503..601B},
  adsnote = {Provided by the SAO/NASA Astrophysics Data System}
}

@ARTICLE{fischer2007,
   author = {{Fischer}, D.~A. and {Vogt}, S.~S. and {Marcy}, G.~W. and {Butler}, R.~P. and 
	{Sato}, B. and {Henry}, G.~W. and {Robinson}, S. and {Laughlin}, G. and 
	{Ida}, S. and {Toyota}, E. and {Omiya}, M. and {Driscoll}, P. and 
	{Takeda}, G. and {Wright}, J.~T. and {Johnson}, J.~A.},
    title = "{Five Intermediate-Period Planets from the N2K Sample}",
  journal = {\apj},
archivePrefix = "arXiv",
   eprint = {0704.1191},
 keywords = {Stars: Planetary Systems, stars: individual (HD 11506), stars: individual (HD 17156), stars: individual (HD 125612), stars: individual (HD 170469), stars: individual (HD 231701)},
     year = 2007,
    month = nov,
   volume = 669,
    pages = {1336-1344},
      doi = {10.1086/521869},
   adsurl = {http://adsabs.harvard.edu/abs/2007ApJ...669.1336F},
  adsnote = {Provided by the SAO/NASA Astrophysics Data System}
}

@ARTICLE{winn2009,
   author = {{Winn}, J.~N. and {Holman}, M.~J. and {Henry}, G.~W. and {Torres}, G. and 
	{Fischer}, D. and {Johnson}, J.~A. and {Marcy}, G.~W. and {Shporer}, A. and 
	{Mazeh}, T.},
    title = "{The Transit Light Curve Project. X. A Christmas Transit of HD 17156b}",
  journal = {\apj},
archivePrefix = "arXiv",
   eprint = {0810.4725},
 keywords = {planetary systems, stars: individual: HD 17156},
     year = 2009,
    month = mar,
   volume = 693,
    pages = {794-803},
      doi = {10.1088/0004-637X/693/1/794},
   adsurl = {http://adsabs.harvard.edu/abs/2009ApJ...693..794W},
  adsnote = {Provided by the SAO/NASA Astrophysics Data System}
}

@ARTICLE{narita2008,
   author = {{Narita}, N. and {Sato}, B. and {Ohshima}, O. and {Winn}, J.~N.
	},
    title = "{A Possible Spin-Orbit Misalignment in the Transiting Eccentric Planet HD 17156b}",
  journal = {\pasj},
archivePrefix = "arXiv",
   eprint = {0712.2569},
 keywords = {stars: planetary systems: individual (HD17156), stars: rotation, techniques: photometric, techniques: radial velocities, techniques: spectroscopic},
     year = 2008,
    month = apr,
   volume = 60,
    pages = {L1},
   adsurl = {http://adsabs.harvard.edu/abs/2008PASJ...60L...1N},
  adsnote = {Provided by the SAO/NASA Astrophysics Data System}
}

@ARTICLE{Cochran2008,
   author = {{Cochran}, W.~D. and {Redfield}, S. and {Endl}, M. and {Cochran}, A.~L.
	},
    title = "{The Spin-Orbit Alignment of the HD 17156 Transiting Eccentric Planetary System}",
  journal = {\apjl},
archivePrefix = "arXiv",
   eprint = {0806.4142},
 keywords = {Stars: Planetary Systems, stars: individual (HD 17156)},
     year = 2008,
    month = aug,
   volume = 683,
    pages = {L59-L62},
      doi = {10.1086/591317},
   adsurl = {http://adsabs.harvard.edu/abs/2008ApJ...683L..59C},
  adsnote = {Provided by the SAO/NASA Astrophysics Data System}
}

@ARTICLE{takahashiTauBooInPrep,
   author = {{Takahashi}, Y. and {Narita}, N. and {Mede}, K.~A. and {Brandt}, T.~D.
	},
    title = "{Investigating the formation of Tau Boo Ab: In Prep}",
    year = 2013,
 keywords = {Stars: Planetary Systems, stars: individual (Tau Boo)}
}

@ARTICLE{Takeda2005,
   author = {{Takeda}, G. and {Rasio}, F.~A.},
    title = "{High Orbital Eccentricities of Extrasolar Planets Induced by the Kozai Mechanism}",
  journal = {\apj},
   eprint = {arXiv:astro-ph/0502404},
 keywords = {Stars: Binaries: General, Celestial Mechanics, Stars: Planetary Systems, Stars: Low-Mass, Brown Dwarfs},
     year = 2005,
    month = jul,
   volume = 627,
    pages = {1001-1010},
      doi = {10.1086/430467},
   adsurl = {http://adsabs.harvard.edu/abs/2005ApJ...627.1001T},
  adsnote = {Provided by the SAO/NASA Astrophysics Data System}
}

@ARTICLE{Baranne1996,
   author = {{Baranne}, A. and {Queloz}, D. and {Mayor}, M. and {Adrianzyk}, G. and 
	{Knispel}, G. and {Kohler}, D. and {Lacroix}, D. and {Meunier}, J.-P. and 
	{Rimbaud}, G. and {Vin}, A.},
    title = "{ELODIE: A spectrograph for accurate radial velocity measurements.}",
  journal = {\aaps},
 keywords = {INSTRUMENTATION: SPECTROGRAPHS, METHODS: DATA ANALYSIS, TECHNIQUES: SPECTROSCOPIC, RADIAL VELOCITIES},
     year = 1996,
    month = oct,
   volume = 119,
    pages = {373-390},
   adsurl = {http://adsabs.harvard.edu/abs/1996A%26AS..119..373B},
  adsnote = {Provided by the SAO/NASA Astrophysics Data System}
}

@ARTICLE{Verea2012,
   author = {{Vere{\v s}}, P. and {Jedicke}, R. and {Denneau}, L. and {Wainscoat}, R. and 
	{Holman}, M.~J. and {Lin}, H.-W.},
    title = "{Improved Asteroid Astrometry and Photometry with Trail Fitting}",
  journal = {\pasp},
archivePrefix = "arXiv",
   eprint = {1209.6106},
 primaryClass = "astro-ph.IM",
 keywords = {Data Analysis and Techniques},
     year = 2012,
    month = nov,
   volume = 124,
    pages = {1197-1207},
      doi = {10.1086/668616},
   adsurl = {http://adsabs.harvard.edu/abs/2012PASP..124.1197V},
  adsnote = {Provided by the SAO/NASA Astrophysics Data System}
}

@misc{GravLensImage,
author = {NASA},
title = {microlensing3-400.jpg},
month = April,
year = {2011},
howpublished = {\url{http://planetquest.jpl.nasa.gov/images/microlensing3-400.jpg}}
}

@ARTICLE{Fort1994,
   author = {{Fort}, B. and {Mellier}, Y.},
    title = "{Arc(let)s in clusters of galaxies}",
  journal = {\aapr},
 keywords = {Gravitational lensing, Clusters of galaxies, Cosmology},
     year = 1994,
   volume = 5,
    pages = {239-292},
      doi = {10.1007/BF00877691},
   adsurl = {http://adsabs.harvard.edu/abs/1994A%26ARv...5..239F},
  adsnote = {Provided by the SAO/NASA Astrophysics Data System}
}

@ARTICLE{Beaulieu2006,
   author = {{Beaulieu}, J.-P. and {Bennett}, D.~P. and {Fouqu{\'e}}, P. and 
	{Williams}, A. and {Dominik}, M. and {J{\o}rgensen}, U.~G. and 
	{Kubas}, D. and {Cassan}, A. and {Coutures}, C. and {Greenhill}, J. and 
	{Hill}, K. and {Menzies}, J. and {Sackett}, P.~D. and {Albrow}, M. and 
	{Brillant}, S. and {Caldwell}, J.~A.~R. and {Calitz}, J.~J. and 
	{Cook}, K.~H. and {Corrales}, E. and {Desort}, M. and {Dieters}, S. and 
	{Dominis}, D. and {Donatowicz}, J. and {Hoffman}, M. and {Kane}, S. and 
	{Marquette}, J.-B. and {Martin}, R. and {Meintjes}, P. and {Pollard}, K. and 
	{Sahu}, K. and {Vinter}, C. and {Wambsganss}, J. and {Woller}, K. and 
	{Horne}, K. and {Steele}, I. and {Bramich}, D.~M. and {Burgdorf}, M. and 
	{Snodgrass}, C. and {Bode}, M. and {Udalski}, A. and {Szyma{\'n}ski}, M.~K. and 
	{Kubiak}, M. and {Wi{\c e}ckowski}, T. and {Pietrzy{\'n}ski}, G. and 
	{Soszy{\'n}ski}, I. and {Szewczyk}, O. and {Wyrzykowski}, {\L}. and 
	{Paczy{\'n}ski}, B. and {Abe}, F. and {Bond}, I.~A. and {Britton}, T.~R. and 
	{Gilmore}, A.~C. and {Hearnshaw}, J.~B. and {Itow}, Y. and {Kamiya}, K. and 
	{Kilmartin}, P.~M. and {Korpela}, A.~V. and {Masuda}, K. and 
	{Matsubara}, Y. and {Motomura}, M. and {Muraki}, Y. and {Nakamura}, S. and 
	{Okada}, C. and {Ohnishi}, K. and {Rattenbury}, N.~J. and {Sako}, T. and 
	{Sato}, S. and {Sasaki}, M. and {Sekiguchi}, T. and {Sullivan}, D.~J. and 
	{Tristram}, P.~J. and {Yock}, P.~C.~M. and {Yoshioka}, T.},
    title = "{Discovery of a cool planet of 5.5 Earth masses through gravitational microlensing}",
  journal = {\nat},
   eprint = {arXiv:astro-ph/0601563},
     year = 2006,
    month = jan,
   volume = 439,
    pages = {437-440},
      doi = {10.1038/nature04441},
   adsurl = {http://adsabs.harvard.edu/abs/2006Natur.439..437B},
  adsnote = {Provided by the SAO/NASA Astrophysics Data System}
}

@INPROCEEDINGS{Paczynski1995,
   author = {{Paczynski}, B. and {Stanek}, K.~Z. and {Udalski}, A. and {Szymanski}, M. and 
	{Kaluzny}, J. and {Kubiak}, M. and {Mateo}, M. and {Krzeminski}, W. and 
	{Preston}, G.~W.},
    title = "{The Optical Gravitational Lensing Experiment (OGLE)}",
booktitle = {American Astronomical Society Meeting Abstracts},
     year = 1995,
   series = {Bulletin of the American Astronomical Society},
   volume = 27,
    month = dec,
    pages = {1302},
   adsurl = {http://adsabs.harvard.edu/abs/1995AAS...187.1407P},
  adsnote = {Provided by the SAO/NASA Astrophysics Data System}
}

@INPROCEEDINGS{Koch1998,
   author = {{Koch}, D.~G. and {Borucki}, W. and {Webster}, L. and {Dunham}, E. and 
	{Jenkins}, J. and {Marriott}, J. and {Reitsema}, H.~J.},
    title = "{Kepler: a space mission to detect earth-class exoplanets}",
booktitle = {Society of Photo-Optical Instrumentation Engineers (SPIE) Conference Series},
     year = 1998,
   series = {Society of Photo-Optical Instrumentation Engineers (SPIE) Conference Series},
   volume = 3356,
   editor = {{Bely}, P.~Y. and {Breckinridge}, J.~B.},
    month = aug,
    pages = {599-607},
   adsurl = {http://adsabs.harvard.edu/abs/1998SPIE.3356..599K},
  adsnote = {Provided by the SAO/NASA Astrophysics Data System}
}

@ARTICLE{Hidas2005,
   author = {{Hidas}, M.~G. and {Ashley}, M.~C.~B. and {Webb}, J.~K. and 
	{Irwin}, M. and {Phillips}, A. and {Toyozumi}, H. and {Derekas}, A. and 
	{Christiansen}, J.~L. and {Nutto}, C. and {Crothers}, S.},
    title = "{The University of New South Wales Extrasolar Planet Search: methods and first results from a field centred on NGC 6633}",
  journal = {\mnras},
   eprint = {arXiv:astro-ph/0501269},
 keywords = {methods: data analysis, methods: observational, binaries: eclipsing, planetary systems, open clusters and associations: individual: NGC 6633},
     year = 2005,
    month = jun,
   volume = 360,
    pages = {703-717},
      doi = {10.1111/j.1365-2966.2005.09061.x},
   adsurl = {http://adsabs.harvard.edu/abs/2005MNRAS.360..703H},
  adsnote = {Provided by the SAO/NASA Astrophysics Data System}
}

@ARTICLE{Santerne2012,
   author = {{Santerne}, A. and {D{\'{\i}}az}, R.~F. and {Moutou}, C. and 
	{Bouchy}, F. and {H{\'e}brard}, G. and {Almenara}, J.-M. and 
	{Bonomo}, A.~S. and {Deleuil}, M. and {Santos}, N.~C.},
    title = "{SOPHIE velocimetry of Kepler transit candidates. VII. A false-positive rate of 35\% for Kepler close-in giant candidates}",
  journal = {\aap},
archivePrefix = "arXiv",
   eprint = {1206.0601},
 primaryClass = "astro-ph.EP",
 keywords = {planetary systems, techniques: radial velocities, techniques: spectroscopic, techniques: photometric},
     year = 2012,
    month = sep,
   volume = 545,
      eid = {A76},
    pages = {A76},
      doi = {10.1051/0004-6361/201219608},
   adsurl = {http://adsabs.harvard.edu/abs/2012A%26A...545A..76S},
  adsnote = {Provided by the SAO/NASA Astrophysics Data System}
}

@INPROCEEDINGS{Loredo1999,
   author = {{Loredo}, T.~J.},
    title = "{Computational Technology for Bayesian Inference}",
booktitle = {Astronomical Data Analysis Software and Systems VIII},
     year = 1999,
   series = {Astronomical Society of the Pacific Conference Series},
   volume = 172,
   editor = {{Mehringer}, D.~M. and {Plante}, R.~L. and {Roberts}, D.~A.},
    pages = {297},
   adsurl = {http://adsabs.harvard.edu/abs/1999ASPC..172..297L},
  adsnote = {Provided by the SAO/NASA Astrophysics Data System}
}

@ARTICLE{Wolszczan1992,
   author = {{Wolszczan}, A. and {Frail}, D.~A.},
    title = "{A planetary system around the millisecond pulsar PSR1257 + 12}",
  journal = {\nat},
 keywords = {BINARY STARS, EXTRASOLAR PLANETS, ORBITAL MECHANICS, PLANETARY SYSTEMS, PULSARS, ACCRETION DISKS, LEAST SQUARES METHOD, NEUTRON STARS, RADIO ASTRONOMY, SUPERNOVA REMNANTS},
     year = 1992,
    month = jan,
   volume = 355,
    pages = {145-147},
      doi = {10.1038/355145a0},
   adsurl = {http://adsabs.harvard.edu/abs/1992Natur.355..145W},
  adsnote = {Provided by the SAO/NASA Astrophysics Data System}
}

@misc{PulsarTimmingCite,
 author = {{Townsend}, Rich.},
 title = "{The Search for Extrasolar Planets (Lecture)}",
 month = jan,
  year = 2003,
 school = Department of Physics & Astronomy, Astrophysics Group, University College, London.,
 howpublished = {\url{http://www.astro.wisc.edu/~townsend/static.php?ref=diploma-2#toc-Pulsar_Timing}}
}

@book{dvorak2008,
  title={Extrasolar Planets},
  author={Dvorak, R.},
  isbn={9783527406715},
  lccn={2009417223},
  series={Physics Textbook},
  url={http://books.google.co.jp/books?id=lbIlI6gMNAYC},
  year={2008},
  publisher={Wiley}
}

@INPROCEEDINGS{Kodaira1992,
   author = {{Kodaira}, K.},
    title = "{Japan National Large Telescope (SUBARU) Project}",
booktitle = {European Southern Observatory Conference and Workshop Proceedings},
     year = 1992,
   series = {European Southern Observatory Conference and Workshop Proceedings},
   volume = 42,
   editor = {{Ulrich}, M.-H.},
    month = jun,
    pages = {43},
   adsurl = {http://adsabs.harvard.edu/abs/1992ESOC...42...43K},
  adsnote = {Provided by the SAO/NASA Astrophysics Data System}
}

@ARTICLE{Henry2000,
   author = {{Henry}, G.~W. and {Marcy}, G.~W. and {Butler}, R.~P. and {Vogt}, S.~S.
	},
    title = "{A Transiting ``51 Peg-like'' Planet}",
  journal = {\apjl},
 keywords = {STARS: PLANETARY SYSTEMS, STARS: INDIVIDUAL: HENRY DRAPER NUMBER: HD 209458},
     year = 2000,
    month = jan,
   volume = 529,
    pages = {L41-L44},
      doi = {10.1086/312458},
   adsurl = {http://adsabs.harvard.edu/abs/2000ApJ...529L..41H},
  adsnote = {Provided by the SAO/NASA Astrophysics Data System}
}

@ARTICLE{Charbonneau2000,
   author = {{Charbonneau}, D. and {Brown}, T.~M. and {Latham}, D.~W. and 
	{Mayor}, M.},
    title = "{Detection of Planetary Transits Across a Sun-like Star}",
  journal = {\apjl},
   eprint = {arXiv:astro-ph/9911436},
 keywords = {STARS: BINARIES: ECLIPSING, STARS: PLANETARY SYSTEMS, STARS: INDIVIDUAL: HENRY DRAPER NUMBER: HD 209458, TECHNIQUES: PHOTOMETRIC, TECHNIQUES: RADIAL VELOCITIES},
     year = 2000,
    month = jan,
   volume = 529,
    pages = {L45-L48},
      doi = {10.1086/312457},
   adsurl = {http://adsabs.harvard.edu/abs/2000ApJ...529L..45C},
  adsnote = {Provided by the SAO/NASA Astrophysics Data System}
}

@INPROCEEDINGS{Street2003,
   author = {{Street}, R.~A. and {Pollaco}, D.~L. and {Fitzsimmons}, A. and 
	{Keenan}, F.~P. and {Horne}, K. and {Kane}, S. and {Collier Cameron}, A. and 
	{Lister}, T.~A. and {Haswell}, C. and {Norton}, A.~J. and {Jones}, B.~W. and 
	{Skillen}, I. and {Hodgkin}, S. and {Wheatley}, P. and {West}, R. and 
	{Brett}, D.},
    title = "{SuperWASP: Wide Angle Search for Planets}",
booktitle = {Scientific Frontiers in Research on Extrasolar Planets},
     year = 2003,
   series = {Astronomical Society of the Pacific Conference Series},
   volume = 294,
   eprint = {arXiv:astro-ph/0208233},
   editor = {{Deming}, D. and {Seager}, S.},
    pages = {405-408},
   adsurl = {http://adsabs.harvard.edu/abs/2003ASPC..294..405S},
  adsnote = {Provided by the SAO/NASA Astrophysics Data System}
}

@ARTICLE{Christie2006,
   author = {{Christie}, G.},
    title = "{Detecting Exoplanets by Gravitational Microlensing using a Small Telescope}",
  journal = {Society for Astronomical Sciences Annual Symposium},
   eprint = {arXiv:astro-ph/0609599},
     year = 2006,
    month = may,
   volume = 25,
    pages = {97},
   adsurl = {http://adsabs.harvard.edu/abs/2006SASS...25...97C},
  adsnote = {Provided by the SAO/NASA Astrophysics Data System}
}

@ARTICLE{Udalski2005,
   author = {{Udalski}, A. and {Jaroszy{\'n}ski}, M. and {Paczy{\'n}ski}, B. and 
	{Kubiak}, M. and {Szyma{\'n}ski}, M.~K. and {Soszy{\'n}ski}, I. and 
	{Pietrzy{\'n}ski}, G. and {Ulaczyk}, K. and {Szewczyk}, O. and 
	{Wyrzykowski}, {\L}. and {Christie}, G.~W. and {DePoy}, D.~L. and 
	{Dong}, S. and {Gal-Yam}, A. and {Gaudi}, B.~S. and {Gould}, A. and 
	{Han}, C. and {L{\'e}pine}, S. and {McCormick}, J. and {Park}, B.-G. and 
	{Pogge}, R.~W. and {Bennett}, D.~P. and {Bond}, I.~A. and {Muraki}, Y. and 
	{Tristram}, P.~J. and {Yock}, P.~C.~M. and {Beaulieu}, J.-P. and 
	{Bramich}, D.~M. and {Dieters}, S.~W. and {Greenhill}, J. and 
	{Hill}, K. and {Horne}, K. and {Kubas}, D.},
    title = "{A Jovian-Mass Planet in Microlensing Event OGLE-2005-BLG-071}",
  journal = {\apjl},
   eprint = {arXiv:astro-ph/0505451},
 keywords = {Galaxy: Bulge, Cosmology: Gravitational Lensing, Stars: Planetary Systems},
     year = 2005,
    month = aug,
   volume = 628,
    pages = {L109-L112},
      doi = {10.1086/432795},
   adsurl = {http://adsabs.harvard.edu/abs/2005ApJ...628L.109U},
  adsnote = {Provided by the SAO/NASA Astrophysics Data System}
}

@ARTICLE{Patience2002,
   author = {{Patience}, J. and {White}, R.~J. and {Ghez}, A.~M. and {McCabe}, C. and 
	{McLean}, I.~S. and {Larkin}, J.~E. and {Prato}, L. and {Kim}, S.~S. and 
	{Lloyd}, J.~P. and {Liu}, M.~C. and {Graham}, J.~R. and {Macintosh}, B.~A. and 
	{Gavel}, D.~T. and {Max}, C.~E. and {Bauman}, B.~J. and {Olivier}, S.~S. and 
	{Wizinowich}, P. and {Acton}, D.~S.},
    title = "{Stellar Companions to Stars with Planets}",
  journal = {\apj},
   eprint = {arXiv:astro-ph/0207538},
 keywords = {Stars: Binaries: General, Stars: Planetary Systems, Stars: Individual: Henry Draper Number: HD 114762, Stars: Individual: Constellation Name: {$\tau$} Bootis, Stars: Individual: Constellation Name: 16 Cygni B- Techniques: High Anular Resolution},
     year = 2002,
    month = dec,
   volume = 581,
    pages = {654-665},
      doi = {10.1086/342982},
   adsurl = {http://adsabs.harvard.edu/abs/2002ApJ...581..654P},
  adsnote = {Provided by the SAO/NASA Astrophysics Data System}
}

@ARTICLE{Ginski2012,
   author = {{Ginski}, C. and {Mugrauer}, M. and {Seeliger}, M. and {Eisenbeiss}, T.
	},
    title = "{A lucky imaging multiplicity study of exoplanet host stars}",
  journal = {\mnras},
archivePrefix = "arXiv",
   eprint = {1202.4586},
 primaryClass = "astro-ph.EP",
 keywords = {techniques: high angular resolution, binaries: close, stars: individual: HD 126614, stars: individual: HD 185269},
     year = 2012,
    month = apr,
   volume = 421,
    pages = {2498-2509},
      doi = {10.1111/j.1365-2966.2012.20485.x},
   adsurl = {http://adsabs.harvard.edu/abs/2012MNRAS.421.2498G},
  adsnote = {Provided by the SAO/NASA Astrophysics Data System}
}

@ARTICLE{Crepp2012,
   author = {{Crepp}, J.~R. and {Johnson}, J.~A. and {Fischer}, D.~A. and 
	{Howard}, A.~W. and {Marcy}, G.~W. and {Wright}, J.~T. and {Isaacson}, H. and 
	{Boyajian}, T. and {von Braun}, K. and {Hillenbrand}, L.~A. and 
	{Hinkley}, S. and {Carpenter}, J.~M. and {Brewer}, J.~M.},
    title = "{The Dynamical Mass and Three-dimensional Orbit of HR7672B: A Benchmark Brown Dwarf with High Eccentricity}",
  journal = {\apj},
archivePrefix = "arXiv",
   eprint = {1112.1725},
 primaryClass = "astro-ph.EP",
 keywords = {astrometry, brown dwarfs, techniques: high angular resolution, techniques: interferometric, techniques: spectroscopic},
     year = 2012,
    month = jun,
   volume = 751,
      eid = {97},
    pages = {97},
      doi = {10.1088/0004-637X/751/2/97},
   adsurl = {http://adsabs.harvard.edu/abs/2012ApJ...751...97C},
  adsnote = {Provided by the SAO/NASA Astrophysics Data System}
}

